@misc{d8a443a839b346d9446e7b864259c2b6290c4aacee5ac28d8f1fee6890547e61, title = {High Voltage SID Collection}, howpublished = {\url{https://www.hvsc.c64.org/}},}
@misc{45c63c2316983c46a4137608acbc1ff68d2745ad0a6577adb2bbd739651c3b1f, title = {SID datasheet}, howpublished = {\url{https://web.archive.org/web/20221029042239if_/http://archive.6502.org/datasheets/mos_6581_sid.pdf}},}
@misc{6e3df79c72a8d2b174619474892cd52591a677b2fe3ad7a3f4b1b823218e48d0, title = {Ghidra}, howpublished = {\url{https://github.com/NationalSecurityAgency/ghidra}},}
@misc{2df5712e1cf303a50fac51e4b2c0ac71884f746b20f206f9df2eb6375fde7270, title = {vessel}, howpublished = {\url{https://github.com/anarkiwi/vessel}},}
@misc{73306f7832acfcca7d2433fb9d2d8ad39b26fadc54854dc43fea1ba42b904d22, title = {vap}, howpublished = {\url{https://github.com/anarkiwi/vap}},}
@misc{70f392870f71244e82aec99914da786d2d8cc22fd46fa96002f41e7436eaa9a8, title = {ChiptuneSAK}, howpublished = {\url{https://github.com/c64cryptoboy/ChiptuneSAK}},}
@misc{ca3586022f769fd69ffc8f74a31f15dc3b2bfff0af0725f2ce3cd89a2f184f6b, title = {Collection: AI and musical creativity}, howpublished = {\url{https://transactions.ismir.net/collections/ai-and-musical-creativity}},}
@misc{975f7d42d3a4de2fd3a1eadbae2580e2dd9211799b6ec146f8b3652416bc1340, title = {Attention is all you need}, howpublished = {\url{https://proceedings.neurips.cc/paper_files/paper/2017/file/3f5ee243547dee91fbd053c1c4a845aa-Paper.pdf}},}
@misc{1c214aada4db3afe44c8689999520fb36151ba01827e923b09df0488d15760f0, title = {Hugging Face Transformers}, howpublished = {\url{https://github.com/huggingface/transformers}},}
@misc{8e9f7a28c6d3e563927b1c3689698c177fe3d240b369641596742ec50e515e7f, title = {Language Modeling with nn.Transformer and torchtext}, howpublished = {\url{https://pytorch.org/tutorials/beginner/transformer_tutorial.html}},}
@misc{20b0de27f8e00de4e67adee3961184b6683a7dac4aa649076fe770906caddf7e, title = {defMON}, howpublished = {\url{https:///defmon.vandervecken.com}},}
@misc{8aaa419388026658f084aa4cabe5e1585118fcc0801a3c7d70394a40d5c3d3f8, title = {C64 programmers reference guide}, howpublished = {\url{https://archive.org/details/c64-programmer-ref}},}
@misc{34a2c81948d8df5e725c05051cdc4aa41d1ba019f7fadd46e9d373778b76e5ba, title = {No More Secrets V0.98}, howpublished = {\url{https://csdb.dk/release/?id=238036}},}
@misc{1ac9d0b7643fee57aa75c3edaa69b35bb49eeb90f4be98da823cc28ee8d0f572, title = {libsidplayfp}, howpublished = {\url{https://github.com/libsidplayfp}},}
@misc{39f3353377415d1a8e2605d536a15944f868a53f8e08433d245a8bbcb11a3b83, title = {VICE}, howpublished = {\url{https://vice-emu.sourceforge.io/}},}
@misc{0f4800ffb6f94d613cdf1a99d45682a1285f1d11c32b74cac3eb360e34680c2c, title = {LLVM MOS}, howpublished = {\url{https://llvm-mos.org/wiki/Welcome}},}
@misc{8a43a5e541dc89b1140323289f9bd2d13306aaed99b953dacade51669a65170b, title = {Demoparty.net}, howpublished = {\url{https://www.demoparty.net/}},}
@misc{2e6e84ac8a60e783f69c9d3e0b276db3fc5560267a6703bec36859a845f61058, title = {Elektron SID Station}, howpublished = {\url{https://www.elektron.se/ca/download-support-sidstation}},}
@misc{6c3a887411af6b8e744f104393c2d4ac106d0ee9a8c0c270bac0c5eaca0f1953, title = {Magenta: Make Music And Art Using Machine Learning}, howpublished = {\url{https://magenta.tensorflow.org/}},}
@misc{c3a23e18eddc54629862fff7a3a714cabb582125a645f58c808faf6e68667634, title = {MIDI-DDSP: Detailed Control of Musical Performance via Hierarchical Modeling}, howpublished = {\url{https://arxiv.org/abs/2112.09312}},}
@misc{3eb6e5214c29f69db3d8e419c4f293171c5a6c64c4b562ec14dffc9a610271a6, title = {MusicLM: Generating Music From Text}, howpublished = {\url{https://arxiv.org/abs/2301.11325}},}
@misc{2cad85cef1b4ba98381cea225c689281e68f574c0f5eed9aa9ba73f0d61bc968, title = {Code Generation Using Machine Learning: A Systematic Review}, howpublished = {\url{https://ieeexplore.ieee.org/document/9849664}},}
@misc{3003b03fee738dc30fb2dd42610f820aa95e97d881a6bed59263b29f1551d659, title = {A Hierarchical Latent Vector Model for Learning Long-Term Structure in Music}, howpublished = {\url{https://arxiv.org/pdf/1803.05428}},}
@misc{b317e71628bdbf3b7e117d64ef8394a5c52afb1b2f2907cce7c25b956defafbd, title = {Neural Audio Synthesis of Musical Notes with WaveNet Autoencoders}, howpublished = {\url{https://research.google/pubs/neural-audio-synthesis-of-musical-notes-with-wavenet-autoencoders/}},}
@misc{a2bde088d08cbdc2dda31989ce493489001df8897cd974d501b500fd9908e553, title = {A Mind Is Born}, howpublished = {\url{https://linusakesson.net/scene/a-mind-is-born/}},}
@misc{1fc335e65574a518296ec71332b38b6d38578904a342f73b8c4672aaf320e503, title = {Audio representations for deep learning in sound synthesis: A review}, howpublished = {\url{https://arxiv.org/abs/2201.02490}},}
@misc{67ad898163dd286c69d9cf217ce444e1b2afd02bc06ff5af8f6d6c2f17146072, title = {A review of deep learning applications in human genomics using next-generation sequencing data}, howpublished = {\url{https://humgenomics.biomedcentral.com/articles/10.1186/s40246-022-00396-x}},}
@misc{d9a37b75b1de0dea8a2d1ac8064b8e9eee5068fb6ffdd2e367ab0a7e6842b7a6, title = {A Survey of Audio Classification Using Deep Learning}, howpublished = {\url{https://ieeexplore.ieee.org/document/10258355}},}
@misc{5d668e96c5958c5698e9dccb42dfcd1df97e58be8605d48f16b39f242f73ce0b, title = {Code Authorship Attribution using content-based and non-content-based features}, howpublished = {\url{https://ieeexplore.ieee.org/document/9569061}},}
@misc{b21b385a693960d3b296f1a97f663469a4c23a71d1bd272ee070ef5512b48025, title = {JC64dis}, howpublished = {\url{https://iceteam.itch.io/jc64dis}},}
@misc{c65872b2caebb511210e869e5d8d4d314487022da1215e91a78d98bd1c49dd76, title = {Large Scale Radio Frequency Signal Classification}, howpublished = {\url{https://arxiv.org/abs/2207.09918}},}
@misc{20a5f608307584fcbfdffcc85ce005c038d184480d15fe7cff2d5e7df0f1ef1c, title = {TensorFlow Lite for Commodore 64s}, howpublished = {\url{https://github.com/nickbild/tflite_c64}},}
@misc{f1979463ab764f51c746f63b02a42b6296628875655cb601b883a2ea9233871d, title = {Wireless Fingerprinting via Deep Learning: The Impact of Confounding Factors}, howpublished = {\url{https://arxiv.org/pdf/2002.10791}},}
@misc{f3856ce4201a4b425096d14b6db5d8c38c26d4fa46daf23bb2b70f194699650a, title = {CREATING THE COMMODORE 64: THE ENGINEERSâ€™ STORY}, howpublished = {\url{https://spectrum.ieee.org/commodore-64}},}
@misc{6c1c6fdb7e0e93374bd354db8c90d227e2d84a1cb02b6b259d744cd9f92a3697, title = {Generating Musical Synthesizer Patches with Machine Learning}, howpublished = {\url{https://dcsi.cs.dal.ca/wp-content/uploads/2022/07/DCSI-2022_paper_2209.pdf}},}
@misc{8f466479049109b937aecd56dede4b0f68445d2a8e4cf8aeaf055df58be8ccae, title = {Automatic Programming of VST Sound Synthesizers using Deep Networks and Other Techniques}, howpublished = {\url{https://research.gold.ac.uk/id/eprint/22516/1/myk_lf_vsti_programming.pdf}},}
@misc{9420d6756e39d0e4053b0d86b5b305ac583db9ace520e7436e99b6406b2fe01d, title = {Chiptune music: An exploration of compositional techniques as found in Sunsoft games for the Nintendo Entertainment System and Famicom from 1988-1992}, howpublished = {\url{https://www.academia.edu/15400351/Chiptune_music_An_exploration_of_compositional_techniques_as_found_in_Sunsoft_games_for_the_Nintendo_Entertainment_System_and_Famicom_from_1988_1992}},}
@misc{9b03c6dc3a87197d44dfc6847ab117d83923530061136b307db13dd54face1ae, title = {Conserving an Ancient Art of Music: Making SID Tunes Editable}, howpublished = {\url{https://www.researchgate.net/publication/221494106_Conserving_an_Ancient_Art_of_Music_Making_SID_Tunes_Editable}},}
@misc{10ea991c6b00d490d4ec9e70bb3f16a729bd22de35c734c4b34977dfb2a5d480, title = {THE NES MUSIC DATABASE: A MULTI-INSTRUMENTAL DATASET WITH EXPRESSIVE PERFORMANCE ATTRIBUTES}, howpublished = {\url{https://archives.ismir.net/ismir2018/paper/000265.pdf}},}
@misc{f072bebce39b174b3f3a6e7cb56e4407cb112f3e9fa191cbdeb65e04d2fe8fb2, title = {The challenge of realistic music generation: modelling raw audio at scale}, howpublished = {\url{https://proceedings.neurips.cc/paper_files/paper/2018/file/3e441eec3456b703a4fe741005f3981f-Paper.pdf}},}
@misc{a6cd5cd5034a0df956e9eb02b911918d479085fcbe7b15bd7de644178642f326, title = {LakhNES: IMPROVING MULTI-INSTRUMENTAL MUSIC GENERATION WITH CROSS-DOMAIN PRE-TRAINING}, howpublished = {\url{https://archives.ismir.net/ismir2019/paper/000083.pdf}},}
